<record xmlns="http://www.loc.gov/MARC21/slim" xmlns:xsi="http://www.w3.org/2001/XMLSchema-instance" xsi:schemaLocation="http://www.loc.gov/MARC21/slim http://www.loc.gov/standards/marcxml/schema/MARC21slim.xsd"><leader>02640nam a2200505   4500</leader><controlfield tag="001">1923650</controlfield><controlfield tag="003">NIC</controlfield><controlfield tag="006">m        d        </controlfield><controlfield tag="007">cr cn |||m|||a</controlfield><controlfield tag="008">150113s1905    ua      o     000 0 ara d</controlfield><datafield ind1=" " ind2=" " tag="040"><subfield code="a">NNU</subfield><subfield code="b">eng</subfield><subfield code="e">rda</subfield><subfield code="c">NNU</subfield></datafield><datafield ind1="1" ind2=" " tag="100"><subfield code="6">880-01</subfield><subfield code="a">Sah&#803;nu&#772;n, &#699;Abd al-Sala&#772;m ibn Sa&#699;i&#772;d,</subfield><subfield code="d">776 or 777-854.</subfield></datafield><datafield ind1="1" ind2="0" tag="240"><subfield code="6">880-02</subfield><subfield code="a">Mudawwanah al-kubra&#769;</subfield></datafield><datafield ind1="1" ind2="0" tag="245"><subfield code="6">880-03</subfield><subfield code="a">Mudawwanah al-kubra&#769; lil-Ima&#772;m Ma&#772;lik ibn Anas al-As&#803;bah&#803;i&#772;,</subfield><subfield code="c">riwa&#772;yat Sah&#803;nu&#772;n ibn Sa&#699;i&#772;d al-Tunu&#772;khi&#772; &#699;an &#699;Abd al-Rah&#803;ma&#772;n ibn al-Qa&#772;sim al-&#699;Utaqi&#772;; muqaddama&#772;t Ibn Rashd.</subfield></datafield><datafield ind1=" " ind2=" " tag="250"><subfield code="6">880-04</subfield><subfield code="a">Awwal T&#803;ab&#699;ah.</subfield></datafield><datafield ind1=" " ind2=" " tag="260"><subfield code="6">880-05</subfield><subfield code="a">Mis&#803;r,</subfield><subfield code="b">Mat&#803;ba&#699;at al-Sa&#699;a&#772;dah,</subfield><subfield code="c">1323 [1905]</subfield></datafield><datafield ind1=" " ind2=" " tag="300"><subfield code="a">online resource (16 volumes in 7.)</subfield></datafield><datafield ind1=" " ind2=" " tag="336"><subfield code="a">text</subfield><subfield code="2">rdacontent</subfield></datafield><datafield ind1=" " ind2=" " tag="337"><subfield code="a">computer</subfield><subfield code="2">rdamedia</subfield></datafield><datafield ind1=" " ind2=" " tag="338"><subfield code="a">online resource</subfield><subfield code="2">rdacarrier</subfield></datafield><datafield ind1=" " ind2=" " tag="500"><subfield code="a">Part of the Arabic Collections Online (ACO) project, contributed by Cornell University Libraries.</subfield></datafield><datafield ind1=" " ind2=" " tag="533"><subfield code="a">Electronic reproduction.</subfield><subfield code="b">New York, N.Y. :</subfield><subfield code="c">New York University,</subfield><subfield code="d">2015.</subfield><subfield code="5">NNU</subfield></datafield><datafield ind1="0" ind2="0" tag="600"><subfield code="6">880-06</subfield><subfield code="a">Ma&#772;lik ibn Anas,</subfield><subfield code="d">-795.</subfield></datafield><datafield ind1=" " ind2="0" tag="650"><subfield code="a">Malikites</subfield><subfield code="v">Early works to 1800.</subfield></datafield><datafield ind1=" " ind2="0" tag="650"><subfield code="a">Islamic law</subfield><subfield code="v">Early works to 1800.</subfield></datafield><datafield ind1=" " ind2="0" tag="650"><subfield code="a">Islam</subfield><subfield code="x">Customs and practices.</subfield></datafield><datafield ind1="0" ind2="7" tag="600"><subfield code="a">Ma&#772;lik ibn Anas,</subfield><subfield code="d">-795.</subfield><subfield code="2">fast</subfield><subfield code="0">(OCoLC)fst01832510</subfield></datafield><datafield ind1=" " ind2="7" tag="650"><subfield code="a">Islam</subfield><subfield code="x">Customs and practices.</subfield><subfield code="2">fast</subfield><subfield code="0">(OCoLC)fst00979785</subfield></datafield><datafield ind1=" " ind2="7" tag="650"><subfield code="a">Islamic law.</subfield><subfield code="2">fast</subfield><subfield code="0">(OCoLC)fst00979949</subfield></datafield><datafield ind1=" " ind2="7" tag="650"><subfield code="a">Malikites.</subfield><subfield code="2">fast</subfield><subfield code="0">(OCoLC)fst01006724</subfield></datafield><datafield ind1=" " ind2="7" tag="655"><subfield code="a">Early works.</subfield><subfield code="2">fast</subfield><subfield code="0">(OCoLC)fst01411636</subfield></datafield><datafield ind1="0" ind2=" " tag="700"><subfield code="6">880-07</subfield><subfield code="a">Ma&#772;lik ibn Anas,</subfield><subfield code="d">-795.</subfield></datafield><datafield ind1="2" ind2=" " tag="710"><subfield code="a">Cornell University.</subfield><subfield code="b">Libraries.</subfield></datafield><datafield ind1="0" ind2=" " tag="730"><subfield code="a">Arabic Collections Online.</subfield></datafield><datafield ind1="0" ind2="8" tag="776"><subfield code="i">Print version:</subfield><subfield code="a">Sah&#803;nu&#772;n, &#699;Abd al-Sala&#772;m ibn Sa&#699;i&#772;d, 776 or 777-854.</subfield><subfield code="t">Mudawwanah al-kubra&#769; lil-Ima&#772;m Ma&#772;lik ibn Anas al-As&#803;bah&#803;i&#772;</subfield><subfield code="w">(NIC)1923650</subfield><subfield code="w">(OCoLC)64025134</subfield></datafield><datafield ind1="4" ind2="0" tag="856"><subfield code="u">http://hdl.handle.net/2333.1/2jm640z9</subfield></datafield><datafield ind1="1" ind2=" " tag="880"><subfield code="6">100-01/r</subfield><subfield code="a">&#1587;&#1581;&#1606;&#1608;&#1606;&#1548; &#1593;&#1576;&#1583; &#1575;&#1604;&#1587;&#1604;&#1575;&#1605; &#1576;&#1606; &#1587;&#1593;&#1610;&#1583;&#1548;</subfield><subfield code="d">776 or 777-854.</subfield></datafield><datafield ind1="1" ind2="0" tag="880"><subfield code="6">240-02/r</subfield><subfield code="a">&#1605;&#1583;&#1608;&#1606;&#1607; &#1575;&#1604;&#1705;&#1576;&#1585;&#1609;</subfield></datafield><datafield ind1="1" ind2="0" tag="880"><subfield code="6">245-03/r</subfield><subfield code="a">&#1605;&#1583;&#1608;&#1606;&#1577; &#1575;&#1604;&#1603;&#1576;&#1585;&#1609; &#1604;&#1604;&#1575;&#1605;&#1575;&#1605; &#1605;&#1575;&#1604;&#1603; &#1576;&#1606; &#1575;&#1606;&#1587; &#1575;&#1604;&#1575;&#1589;&#1576;&#1581;&#1610;&#1548;</subfield><subfield code="c">&#1585;&#1608;&#1575;&#1610;&#1577; &#1587;&#1581;&#1606;&#1608;&#1606; &#1576;&#1606; &#1587;&#1593;&#1610;&#1583; &#1575;&#1604;&#1578;&#1606;&#1608;&#1582;&#1610; &#1593;&#1606; &#1593;&#1576;&#1583; &#1575;&#1604;&#1585;&#1581;&#1605;&#1606; &#1576;&#1606; &#1575;&#1604;&#1602;&#1575;&#1587;&#1605; &#1575;&#1604;&#1593;&#1578;&#1602;&#1610;&#1563; &#1605;&#1602;&#1583;&#1605;&#1575;&#1578; &#1575;&#1576;&#1606; &#1585;&#1588;&#1583;.</subfield></datafield><datafield ind1=" " ind2=" " tag="880"><subfield code="6">250-04/r</subfield><subfield code="a">&#1575;&#1608;&#1604; &#1591;&#1576;&#1593;&#1577;.</subfield></datafield><datafield ind1=" " ind2=" " tag="880"><subfield code="6">260-05/r</subfield><subfield code="a">&#1605;&#1589;&#1585;&#1548;</subfield><subfield code="b">&#1605;&#1591;&#1576;&#1593;&#1577; &#1575;&#1604;&#1587;&#1593;&#1575;&#1583;&#1577;&#1548;</subfield><subfield code="c">1323 [1905]</subfield></datafield><datafield ind1="0" ind2="4" tag="880"><subfield code="6">600-06/r</subfield><subfield code="a">&#1605;&#1575;&#1604;&#1603; &#1576;&#1606; &#1575;&#1606;&#1587;&#1548;</subfield><subfield code="d">-795.</subfield></datafield><datafield ind1="0" ind2=" " tag="880"><subfield code="6">700-07/r</subfield><subfield code="a">&#1605;&#1575;&#1604; &#1576;&#1606; &#1575;&#1606;&#1587;&#1548;</subfield><subfield code="d">-795.</subfield></datafield><datafield ind1=" " ind2=" " tag="959"><subfield code="a">NNU</subfield><subfield code="b">WEB</subfield><subfield code="c">GENI</subfield><subfield code="t">0</subfield><subfield code="m">Electronic access</subfield><subfield code="s">01</subfield></datafield><datafield ind1=" " ind2=" " tag="999"><subfield code="i">NIC_1923650</subfield><subfield code="o">(OCoLC)ocm64025134</subfield><subfield code="e">ok</subfield></datafield></record>